
%%%%%%%%%%%%%%%%%%%%%%%%%%%%%%%%%%%%%%%%%%%%%%%%%%%%%%%%
@book{fish2007first,
  title={A first course in finite elements},
  author={Fish, Jacob and Belytschko, Ted},
  volume={1},
  year={2007},
  publisher={Wiley New York}
}
@book{zienkiewicz2005finite,
  title={The finite element method: its basis and fundamentals},
  author={Zienkiewicz, Olgierd Cecil and Taylor, Robert Leroy and Zhu, Jian Z},
  year={2005},
  publisher={Elsevier}
}
@book{knothe1991finite,
  title={Finite elemente},
  author={Knothe, Klaus and Wessels, Heribert},
  volume={2},
  year={1991},
  publisher={Springer}
}

@article{grotendorst2009multiscale,
  title={Multiscale simulation methods in molecular sciences},
  author={Grotendorst, Johannes and Attig, Norbert and Bl{\"u}gel, Stefan and Marx, Dominik},
  journal={Lecture Notes, NIC Series},
  volume={42},
  pages={145},
  year={2009},
  url={https://juser.fz-juelich.de/record/3737/files/nic-series-volume42.pdf}
}

@article{shabana1997flexible,
  title={Flexible multibody dynamics: review of past and recent developments},
  author={Shabana, Ahmed A},
  journal={Multibody system dynamics},
  volume={1},
  pages={189--222},
  year={1997},
  publisher={Springer},
  url={https://citeseerx.ist.psu.edu/document?repid=rep1&type=pdf&doi=83ab06769ba4d9ea6a300799675760db2bf69ac9}
}

@book{haupt2013continuum,
  title={Continuum mechanics and theory of materials},
  author={Haupt, Peter},
  year={2013},
  publisher={Springer Science \& Business Media}
}

@article{nagel2016advantages,
  title={On advantages of the Kelvin mapping in finite element implementations of deformation processes},
  author={Nagel, Thomas and G{\"o}rke, Uwe-Jens and Moerman, Kevin M and Kolditz, Olaf},
  journal={Environmental Earth Sciences},
  volume={75},
  pages={1--11},
  year={2016},
  publisher={Springer}
}

@book{wriggers2008nonlinear,
  title={Nonlinear finite element methods},
  author={Wriggers, Peter},
  year={2008},
  publisher={Springer Science \& Business Media}
}

@book{chaves2013notes,
  title={Notes on continuum mechanics},
  author={Chaves, Eduardo WV},
  year={2013},
  publisher={Springer Science \& Business Media}
}

@book{featherstone2014rigid,
  title={Rigid body dynamics algorithms},
  author={Featherstone, Roy},
  year={2014},
  publisher={Springer}
}

@book{wriggers2006technische,
  title={Technische Mechanik Kompakt},
  author={Wriggers, Peter and Nackenhorst, Udo and Beuermann, Sascha and Spiess, Holger and L{\"o}hnert, Stefan},
  year={2006},
  publisher={Springer}
}

@book{gross2007technische,
  title={Technische Mechanik: Band 2: Elastostatik},
  author={Gross, Dietmar and Hauger, Werner and Schr{\"o}der, J{\"o}rg and Wall, Wolfgang A},
  year={2007},
  publisher={Springer}
}

@book{braess2013finite,
  title={Finite elemente: Theorie, schnelle l{\"o}ser und anwendungen in der elastizit{\"a}tstheorie},
  author={Braess, Dietrich},
  year={2013},
  publisher={Springer-Verlag}
}

@article{ehrlenspiel2013integrierte,
  title={Integrierte produktentwicklung: Denkabl{\"a}ufe, methodeneinsatz},
  author={Ehrlenspiel, Klaus and Meerkamm, Harald},
  journal={Hanser, Zusammenarbeit},
  year={2013}
}

@book{vajna2009cax,
  title={CAx f{\"u}r Ingenieure: eine praxisbezogene Einf{\"u}hrung},
  author={Vajna, Sandor and Weber, Christian and Bley, Helmut and Zeman, Klaus},
  year={2009},
  publisher={Springer-Verlag}
}